@inproceedings{ISCOD,
  author = {Birk, Yitzhak and Kol, T.},
  year = {1998},
  month = {01},
  pages = {1257 - 1264 vol.3},
  title = {Informed-source coding-on-demand (ISCOD) over broadcast channels},
  isbn = {0-7803-4383-2},
  doi = {10.1109/INFCOM.1998.662940}
}

@article{pliablefirstpaper,
  author       = {Siddhartha Brahma and
	Christina Fragouli},
  title        = {Pliable Index Coding},
  journal      = {{IEEE} Trans. Inf. Theory},
  volume       = {61},
  number       = {11},
  pages        = {6192--6203},
  year         = {2015},
  url          = {https://doi.org/10.1109/TIT.2015.2477821},
  doi          = {10.1109/TIT.2015.2477821},
  timestamp    = {Tue, 10 Mar 2020 10:45:29 +0100},
  biburl       = {https://dblp.org/rec/journals/tit/BrahmaF15.bib},
  bibsource    = {dblp computer science bibliography, https://dblp.org}
}

@ARTICLE{firstpaper,
  author={Bar-Yossef, Ziv and Birk, Yitzhak and Jayram, T. S. and Kol, Tomer},
  journal={IEEE Transactions on Information Theory},
  title={Index Coding With Side Information},
  year={2011},
  volume={57},
  number={3},
  pages={1479-1494},
  doi={10.1109/TIT.2010.2103753}
}


@ARTICLE{datashuf,
  author={Song, Linqi and Fragouli, Christina and Zhao, Tianchu},
  journal={IEEE Transactions on Information Theory},
  title={A Pliable Index Coding Approach to Data Shuffling},
  year={2020},
  volume={66},
  number={3},
  pages={1333-1353},
  doi={10.1109/TIT.2019.2954338}
}

@INPROCEEDINGS{arya,
  author={Mazumdar, Arya},
  booktitle={2014 IEEE International Symposium on Information Theory},
  title={On a duality between recoverable distributed storage and index coding},
  year={2014},
  volume={},
  number={},
  pages={1977-1981},
  doi={10.1109/ISIT.2014.6875179}}

@ARTICLE{network,
  author={Effros, Michelle and El Rouayheb, Salim and Langberg, Michael},
  journal={IEEE Transactions on Information Theory},
  title={An Equivalence Between Network Coding and Index Coding},
  year={2015},
  volume={61},
  number={5},
  pages={2478-2487},
  doi={10.1109/TIT.2015.2414926}
}

@article{Arbabjolfaei2018FundamentalsOI,
  title={Fundamentals of Index Coding},
  author={Fatemeh Arbabjolfaei and Young-Han Kim},
  journal={Found. Trends Commun. Inf. Theory},
  year={2018},
  volume={14},
  pages={163-346},
  url={https://api.semanticscholar.org/CorpusID:53226621}
}

