@article{firstimage,
	author = {Huang, Xiao and El Rouayheb, Salim},
	year = {2015},
	month = {04},
	pages = {},
	title = {Index Coding and Network Coding via Rank Minimization}
}

@ARTICLE{firstpaper,
	author={Bar-Yossef, Ziv and Birk, Yitzhak and Jayram, T. S. and Kol, Tomer},
	journal={IEEE Transactions on Information Theory}, 
	title={Index Coding With Side Information}, 
	year={2011},
	volume={57},
	number={3},
	pages={1479-1494},
	doi={10.1109/TIT.2010.2103753}
}
@article{pliablefirstpaper,
	author       = {Siddhartha Brahma and
	Christina Fragouli},
	title        = {Pliable Index Coding},
	journal      = {{IEEE} Trans. Inf. Theory},
	volume       = {61},
	number       = {11},
	pages        = {6192--6203},
	year         = {2015},
	url          = {https://doi.org/10.1109/TIT.2015.2477821},
	doi          = {10.1109/TIT.2015.2477821},
	timestamp    = {Tue, 10 Mar 2020 10:45:29 +0100},
	biburl       = {https://dblp.org/rec/journals/tit/BrahmaF15.bib},
	bibsource    = {dblp computer science bibliography, https://dblp.org}
}
@INPROCEEDINGS{arya,
  author={Mazumdar, Arya},
  booktitle={2014 IEEE International Symposium on Information Theory},
  title={On a duality between recoverable distributed storage and index coding},
  year={2014},
  volume={},
  number={},
  pages={1977-1981},
  doi={10.1109/ISIT.2014.6875179}}

@INPROCEEDINGS{datashuff,
  author={Song, Linqi and Fragouli, Christina and Zhao, Tianchu},
  booktitle={2017 IEEE International Symposium on Information Theory (ISIT)},
  title={A pliable index coding approach to data shuffling},
  year={2017},
  volume={},
  number={},
  pages={2558-2562},
  doi={10.1109/ISIT.2017.8006991}}

@ARTICLE{matroid,
  author={El Rouayheb, Salim and Sprintson, Alex and Georghiades, Costas},
  journal={IEEE Transactions on Information Theory},
  title={On the Index Coding Problem and Its Relation to Network Coding and Matroid Theory},
  year={2010},
  volume={56},
  number={7},
  pages={3187-3195},
  doi={10.1109/TIT.2010.2048502}}

